<?xml version="1.0" encoding="UTF-8"?><record xmlns="http://www.loc.gov/MARC21/slim" xmlns:cinclude="http://apache.org/cocoon/include/1.0" xmlns:zs="http://www.loc.gov/zing/srw/">
  <leader>00364nz  a2200121n  4500</leader>
  <controlfield tag="001">n  91031028 </controlfield>
  <controlfield tag="003">DLC</controlfield>
  <controlfield tag="005">19910328150715.1</controlfield>
  <controlfield tag="008">910328n| acannaab|          |n aaa |||  </controlfield>
  <datafield tag="010" ind1=" " ind2=" ">
    <subfield code="a">n  91031028 </subfield>
  </datafield>
  <datafield tag="040" ind1=" " ind2=" ">
    <subfield code="a">DLC</subfield>
    <subfield code="c">DLC</subfield>
  </datafield>
  <datafield tag="100" ind1="1" ind2="0">
    <subfield code="a">Carstetter, David W.,</subfield>
    <subfield code="d">1937-</subfield>
  </datafield>
  <datafield tag="670" ind1=" " ind2=" ">
    <subfield code="a">Minton, W.P. A tour of Japan in 1920, 1991:</subfield>
    <subfield code="b">CIP t.p. (David W. Carstetter) data sheet (b. 12/5/37)</subfield>
  </datafield>
</record>